<collection>
  <record>
    <controlfield tag="001">50</controlfield>
    <datafield tag="041" ind1=" " ind2=" ">
      <subfield code="a">English</subfield>
    </datafield>
    <datafield tag="100" ind1=" " ind2=" ">
      <subfield code="a">Sander, Christian</subfield>
    </datafield>
    <datafield tag="245" ind1=" " ind2=" ">
      <subfield code="a">CMS HEP Tutorial</subfield>
    </datafield>
    <datafield tag="260" ind1=" " ind2=" ">
      <subfield code="b">International Particle Physics Outreach Group</subfield>
      <subfield code="c">2012</subfield>
    </datafield>
    <datafield tag="520" ind1=" " ind2=" ">
      <subfield code="a">This tutorial by Christian Sander and Alexander Schmidt gives a basic introduction to fundamental concepts of data analysis in HEP experiments, using a small sample of specially released CMS data collected in 2011. It has been used for a one-week course in the context of a HEP workshop and a data analysis school. It should be most useful for undergraduate students who have a basic knowledge of particle physics, but without any experience in data analysis. Prerequisites are some knowledge of C++ and the ROOT data analysis framework (there are dedicated tutorials on ROOT as well).</subfield>
    </datafield>
    <datafield tag="700" ind1=" " ind2=" ">
      <subfield code="a">Schmidt, Alexander</subfield>
    </datafield>
    <datafield tag="516" ind1=" " ind2=" ">
      <subfield code="a">This tutorial is using a small fraction (50 pb<sup>-1</sup>) of real CMS data taken in 2011, stored in plain root tuples, to facilitate simplified analyses (the CMS collaboration board has agreed that this particular dataset can be released for educational purposes).</subfield>
    </datafield>
    <datafield tag="653" ind1="1" ind2=" ">
      <subfield code="a">External resource</subfield>
    </datafield>
    <datafield tag="693" ind1=" " ind2=" ">
      <subfield code="a">CERN-LHC</subfield>
      <subfield code="e">CMS</subfield>
    </datafield>
    <datafield tag="856" ind1="4" ind2=" ">
      <subfield code="u">http://ippog.web.cern.ch/resources/2012/cms-hep-tutorial</subfield>
      <subfield code="y">Go to the CMS HEP Tutorial</subfield>
    </datafield>
    <datafield tag="980" ind1=" " ind2=" ">
      <subfield code="a">CMS-Open-Data-Instructions</subfield>
    </datafield>
    <datafield tag="980" ind1=" " ind2=" ">
      <subfield code="b">Education</subfield>
    </datafield>
    <datafield tag="FFT" ind1=" " ind2=" ">
      <subfield code="a">http://ippog.web.cern.ch/sites/ippog.web.cern.ch/files/TutorialDocu_3.pdf</subfield>
    </datafield>
    <datafield tag="FFT" ind1=" " ind2=" ">
      <subfield code="a">http://ippog.web.cern.ch/sites/ippog.web.cern.ch/files/TutorialExercisesPart1_2.pdf</subfield>
    </datafield>
    <datafield tag="FFT" ind1=" " ind2=" ">
      <subfield code="a">http://ippog.web.cern.ch/sites/ippog.web.cern.ch/files/TutorialExercisesPart2_2.pdf</subfield>
    </datafield>
    <datafield tag="FFT" ind1=" " ind2=" ">
      <subfield code="a">http://ippog.web.cern.ch/sites/ippog.web.cern.ch/files/TutorialExercisesPart3_2.pdf</subfield>
    </datafield>
    <datafield tag="FFT" ind1=" " ind2=" ">
      <subfield code="a">http://ippog.web.cern.ch/sites/ippog.web.cern.ch/files/TutorialExercisesPart4_1.pdf</subfield>
    </datafield>
  </record>