
  <record>
    <controlfield tag="001">51</controlfield>
    <datafield tag="110" ind1=" " ind2=" ">
      <subfield code="a">RWTH Aachen University in Germany</subfield>
    </datafield>
    <datafield tag="245" ind1=" " ind2=" ">
      <subfield code="a">Online Analysis of CMS Data with VISPA</subfield>
    </datafield>
    <datafield tag="520" ind1=" " ind2=" ">
      <subfield code="a">With the VISPA internet platform you can perform physics analyses with CMS public data in a web browser. Begin with the discovery of a boson in an example analysis. Then, you can develop your own ideas and visualise the scientific results.VISPA is developed at the RWTH Aachen University in Germany and is used for teaching data analysis, e.g. in courses on particle and astroparticle physics for third-year undergraduate physics students.</subfield>
    </datafield>
    <datafield tag="516" ind1=" " ind2=" ">
      <subfield code="a">This tutorial is using a small fraction (50 pb<sup>-1</sup>) of real CMS data taken in 2011, stored in plain root tuples, to facilitate simplified analysis (the CMS collaboration board has agreed that this particular dataset can be released for educational purposes).</subfield>
    </datafield>
    <datafield tag="653" ind1="1" ind2=" ">
      <subfield code="a">External resource</subfield>
    </datafield>
    <datafield tag="693" ind1=" " ind2=" ">
      <subfield code="a">CERN-LHC</subfield>
      <subfield code="e">CMS</subfield>
    </datafield>
    <datafield tag="856" ind1="4" ind2=" ">
      <subfield code="u">https://vispa.physik.rwth-aachen.de/CERN</subfield>
      <subfield code="y">Start your analysis online</subfield>
    </datafield>
    <datafield tag="980" ind1=" " ind2=" ">
      <subfield code="a">CMS-Learning-Resources</subfield>
    </datafield>
    <datafield tag="980" ind1=" " ind2=" ">
      <subfield code="b">Education</subfield>
    </datafield>
  </record>