
  <record>
    <controlfield tag="001">52</controlfield>
    <datafield tag="100" ind1=" " ind2=" ">
      <subfield code="a">Bellis, Matt</subfield>
    </datafield>
    <datafield tag="245" ind1=" " ind2=" ">
      <subfield code="a">Particle Physics Playground</subfield>
    </datafield>
    <datafield tag="520" ind1=" " ind2=" ">
      <subfield code="a">This site, by Matt Bellis, provides exercises that use real data CMS to teach experimental particle physics. It is, however, not meant to be a fully comprehensive tutorial. The ideal student will have learned the basic concepts elsewhere (classroom setting, mentor, independent study), following which they will then use these exercises to test their understanding of the concepts and appreciate how "real scientists" work in this field.</subfield>
    </datafield>
    <datafield tag="540" ind1=" " ind2=" ">
      <subfield code="a">MIT Open Source license</subfield>
    </datafield>
    <datafield tag="653" ind1="1" ind2=" ">
      <subfield code="a">External resource</subfield>
    </datafield>
    <datafield tag="693" ind1=" " ind2=" ">
      <subfield code="a">CERN-LHC</subfield>
      <subfield code="e">CMS</subfield>
    </datafield>
    <datafield tag="856" ind1="4" ind2=" ">
      <subfield code="u">http://mattbellis.github.io/Particle-Physics-Playground/</subfield>
      <subfield code="y">Go to the Particle Physics Playground</subfield>
    </datafield>
    <datafield tag="980" ind1=" " ind2=" ">
      <subfield code="a">CMS-Learning-Resources</subfield>
    </datafield>
    <datafield tag="980" ind1=" " ind2=" ">
      <subfield code="b">Education</subfield>
    </datafield>
  </record>