
  <record>
    <controlfield tag="001">53</controlfield>
    <datafield tag="110" ind1=" " ind2=" ">
      <subfield code="a">The International Particle Physics Outreach Group</subfield>
      <subfield code="g">IPPOG</subfield>
    </datafield>
    <datafield tag="245" ind1=" " ind2=" ">
      <subfield code="a">Physics Masterclasses</subfield>
    </datafield>
    <datafield tag="520" ind1=" " ind2=" ">
      <subfield code="a">Every year, thousands of high-school students all over the world become particle physicists for a day, and visit nearby CMS institutes and universities to perform real analyses using public CMS data. The CMS Masterclass exercise is developed by QuarkNet and conducted under the aegis of the International Particle Physics Outreach Group.</subfield>
    </datafield>
    <datafield tag="710" ind1=" " ind2=" ">
      <subfield code="a">QuarkNet</subfield>
    </datafield>
    <datafield tag="653" ind1="1" ind2=" ">
      <subfield code="a">External resource</subfield>
    </datafield>
    <datafield tag="653" ind1="1" ind2=" ">
      <subfield code="a">masterclasses</subfield>
    </datafield>
    <datafield tag="693" ind1=" " ind2=" ">
      <subfield code="a">CERN-LHC</subfield>
      <subfield code="e">CMS</subfield>
    </datafield>
    <datafield tag="856" ind1="4" ind2=" ">
      <subfield code="u">http://cms.physicsmasterclasses.org/cms.html/</subfield>
      <subfield code="y">Learn more about the CMS Masterclass exercise</subfield>
    </datafield>
    <datafield tag="980" ind1=" " ind2=" ">
      <subfield code="a">CMS-Learning-Resources</subfield>
    </datafield>
    <datafield tag="980" ind1=" " ind2=" ">
      <subfield code="b">Education</subfield>
    </datafield>
  </record>