
  <record>
    <controlfield tag="001">54</controlfield>
    <datafield tag="110" ind1=" " ind2=" ">
      <subfield code="a">Interactions in Understanding the Universe</subfield>
      <subfield code="g">I2U2</subfield>
    </datafield>
    <datafield tag="245" ind1=" " ind2=" ">
      <subfield code="a">CMS e-Lab</subfield>
    </datafield>
    <datafield tag="520" ind1=" " ind2=" ">
      <subfield code="a">The CMS e-Lab by I2U2 provides students with an opportunity to analyse data to calibrate the detector and participate in discovery science (as particle physicists do): calibrating the detector to "rediscover" previous measured results was an important part of the early scientific activity at CMS. Later students will probe data where physicists expect to find answers to questions at the heart of modern particle physics.</subfield>
    </datafield>
    <datafield tag="653" ind1="1" ind2=" ">
      <subfield code="a">External resource</subfield>
    </datafield>
    <datafield tag="693" ind1=" " ind2=" ">
      <subfield code="a">CERN-LHC</subfield>
      <subfield code="e">CMS</subfield>
    </datafield>
    <datafield tag="856" ind1="4" ind2=" ">
      <subfield code="u">https://www.i2u2.org/elab/cms/home/project.jsp</subfield>
      <subfield code="y">Learn more about the CMS e-Lab</subfield>
    </datafield>
    <datafield tag="980" ind1=" " ind2=" ">
      <subfield code="a">CMS-Learning-Resources</subfield>
    </datafield>
    <datafield tag="980" ind1=" " ind2=" ">
      <subfield code="b">Education</subfield>
    </datafield>
  </record>